<?xml version="1.0" encoding="UTF-8"?>
<collection xmlns="http://www.loc.gov/MARC21/slim" xmlns:xsi="http://www.w3.org/2001/XMLSchema-instance" xmlns:marc="http://www.loc.gov/MARC21/slim" xsi:schemaLocation="http://www.loc.gov/MARC21/slim http://www.loc.gov/standards/marcxml/schema/MARC21slim.xsd">
   <record><marc:leader>01602cas a2200385 a 4500</marc:leader><marc:controlfield tag="001">2980652</marc:controlfield><marc:controlfield tag="005">20140602105242.0</marc:controlfield><marc:controlfield tag="008">760903d19101932gw mr p       0    0ger  </marc:controlfield><marc:datafield tag="010" ind1=" " ind2=" "><marc:subfield code="a">   56054412  </marc:subfield><marc:subfield code="z">sn 92025886 </marc:subfield></marc:datafield><marc:datafield tag="019" ind1=" " ind2=" "><marc:subfield code="a">1590788</marc:subfield></marc:datafield><marc:datafield tag="035" ind1=" " ind2=" "><marc:subfield code="a">(OCoLC)ocm02413205</marc:subfield></marc:datafield><marc:datafield tag="035" ind1=" " ind2=" "><marc:subfield code="9">CPM8160TS</marc:subfield></marc:datafield><marc:datafield tag="040" ind1=" " ind2=" "><marc:subfield code="a">DLC</marc:subfield><marc:subfield code="c">KSU</marc:subfield><marc:subfield code="d">UCU</marc:subfield><marc:subfield code="d">NYS</marc:subfield><marc:subfield code="d">OCL</marc:subfield><marc:subfield code="d">HUL</marc:subfield><marc:subfield code="d">IUL</marc:subfield><marc:subfield code="d">DLC</marc:subfield><marc:subfield code="d">PUL</marc:subfield></marc:datafield><marc:datafield tag="042" ind1=" " ind2=" "><marc:subfield code="a">lcd</marc:subfield><marc:subfield code="a">premarc</marc:subfield></marc:datafield><marc:datafield tag="043" ind1=" " ind2=" "><marc:subfield code="a">e------</marc:subfield></marc:datafield><marc:datafield tag="050" ind1="0" ind2="0"><marc:subfield code="a">AP30</marc:subfield><marc:subfield code="b">.S768</marc:subfield></marc:datafield><marc:datafield tag="245" ind1="0" ind2="4"><marc:subfield code="a">Der Sturm.</marc:subfield></marc:datafield><marc:datafield tag="260" ind1=" " ind2=" "><marc:subfield code="a">Berlin-Hallensee :</marc:subfield><marc:subfield code="b">Der Sturm,</marc:subfield><marc:subfield code="c">1910-1932.</marc:subfield></marc:datafield><marc:datafield tag="300" ind1=" " ind2=" "><marc:subfield code="a">21 v. :</marc:subfield><marc:subfield code="b">ill. ;</marc:subfield><marc:subfield code="c">25-42 cm.</marc:subfield></marc:datafield><marc:datafield tag="310" ind1=" " ind2=" "><marc:subfield code="a">Monthly,</marc:subfield><marc:subfield code="b">Apr. 1916-1932</marc:subfield></marc:datafield><marc:datafield tag="321" ind1=" " ind2=" "><marc:subfield code="a">Weekly,</marc:subfield><marc:subfield code="b">März 1910-März 1913</marc:subfield></marc:datafield><marc:datafield tag="321" ind1=" " ind2=" "><marc:subfield code="a">Semimonthly,</marc:subfield><marc:subfield code="b">März 1913-März 1916</marc:subfield></marc:datafield><marc:datafield tag="362" ind1="0" ind2=" "><marc:subfield code="a">1. Jahrg., Nr. 1 (März 3, 1910)-3, 1932.</marc:subfield></marc:datafield><marc:datafield tag="500" ind1=" " ind2=" "><marc:subfield code="a">Editor: Herwarth Walden.</marc:subfield></marc:datafield><marc:datafield tag="500" ind1=" " ind2=" "><marc:subfield code="a">Title from caption.</marc:subfield></marc:datafield><marc:datafield tag="530" ind1=" " ind2=" "><marc:subfield code="a">Issued also in microfilm by the New York Public Library and the Association pour la conservation et la reproduction photographique de la presse.</marc:subfield></marc:datafield><marc:datafield tag="563" ind1=" " ind2=" "><marc:subfield code="3">SAX copy</marc:subfield><marc:subfield code="a">1.-19. Jahrg. (except for 14. Jahrg.) bound in boards covered with coated paper.</marc:subfield><marc:subfield code="5">NjP</marc:subfield></marc:datafield><marc:datafield tag="500" ind1=" " ind2=" "><marc:subfield code="3">SAX copy</marc:subfield><marc:subfield code="a">12. Jarhg., Heft 2 not bound with volume, and accompanied by reprint.  Index for 7.Jahrg. laid in bound volume after issues.</marc:subfield><marc:subfield code="5">NjP</marc:subfield></marc:datafield><marc:datafield tag="500" ind1=" " ind2=" "><marc:subfield code="3">SAX copy</marc:subfield><marc:subfield code="a">Imperfect: Some illustrations lacking.</marc:subfield><marc:subfield code="5">NjP</marc:subfield></marc:datafield><marc:datafield tag="500" ind1=" " ind2=" "><marc:subfield code="3">FLM copy</marc:subfield><marc:subfield code="a">Microfilm. 3 reels.</marc:subfield><marc:subfield code="5">NjP</marc:subfield></marc:datafield><datafield tag="599" ind1=" " ind2=" "><subfield code="a">ark:/88435/dv13zw91j</subfield><subfield code="b">bmtnabg_1912-01-06_01</subfield><subfield code="v">vol.2,no.92 1912-01-06</subfield></datafield>
      
      
      
      
      
      
      
      
      
      
      
      
      
      
      
      
      
      
      
      
      
      
      
      
      
      
      
      
      
      
      
      
      
      
      
      
      
      
      
      
      
      
      
      
      
      
      
      
      
      
      
      
      
      
      
      
      
      
      
      
      
      
      
      
      
      
      
      
      
      
      
      
      
      
      
      
      
      
      
      
      
      
      
      
      
      
      
      
      
      
      
      
      
      
      
      
      
      
      
      
      
      
      
      
      
      
      
      
      
      
      
      
      
      
      
      
      
      
      
      
      
      
      
      
      
      
      
      
      
      
      
      
      
      
      
      
      
      
      
      
      
      
      
      
      
      
      
      
      
      
      
      
      
      
      
      
      
      
      
      
      
      
      
      
      
      
      
      
      
      
      
      
      
      
      
      
      
      
      
      
      
      
      
      
      
      
      
      
      
      
      
      
      
      
      
      
      
      
      
      
      
      
      
      
      
      
      
      
      
      
      
      
      
      
      
      
      
      
      
      
      
      
      
      
      
      
      
      
      
      
      
      
      
      
      
      
      
      
      
      
      
      
      
      
      <marc:datafield tag="650" ind1=" " ind2="0"><marc:subfield code="a">Arts, European</marc:subfield><marc:subfield code="y">20th century</marc:subfield><marc:subfield code="v">Periodicals.</marc:subfield></marc:datafield>
      <marc:datafield tag="700" ind1="1" ind2=" "><marc:subfield code="a">Walden, Herwarth,</marc:subfield><marc:subfield code="d">1878-1941.</marc:subfield></marc:datafield>
      <marc:datafield tag="856" ind1="4" ind2="1"><marc:subfield code="u">http://arks.princeton.edu/ark:/88435/9c67wp201</marc:subfield></marc:datafield>
      <marc:datafield tag="945" ind1=" " ind2=" "><marc:subfield code="a">FILM</marc:subfield><marc:subfield code="b">1</marc:subfield><marc:subfield code="c">MICRO- FILM S00060</marc:subfield><marc:subfield code="e">1.-21.</marc:subfield></marc:datafield>
      <marc:datafield tag="911" ind1=" " ind2=" "><marc:subfield code="a">20000603</marc:subfield></marc:datafield>
   </record>
</collection>
